<record><leader>00000cas a22000007a 4500</leader><controlfield tag="001">1639141</controlfield><controlfield tag="008">750920d19081927mnuwr ne      0    0eng d</controlfield><datafield ind1=" " ind2=" " tag="010"><subfield code="a">sn 90060634 </subfield></datafield><datafield ind1=" " ind2=" " tag="040"><subfield code="a">MUL</subfield><subfield code="b">eng</subfield><subfield code="c">MUL</subfield><subfield code="d">MN#</subfield><subfield code="d">OCLCQ</subfield><subfield code="d">OCLCF</subfield><subfield code="d">OCLCO</subfield></datafield><datafield ind1="1" ind2=" " tag="029"><subfield code="a">AU@</subfield><subfield code="b">000025909300</subfield></datafield><datafield ind1=" " ind2=" " tag="042"><subfield code="a">msc</subfield></datafield><datafield ind1=" " ind2=" " tag="043"><subfield code="a">n-us-mn</subfield></datafield><datafield ind1=" " ind2=" " tag="052"><subfield code="a">4144</subfield><subfield code="b">L36</subfield></datafield><datafield ind1=" " ind2=" " tag="052"><subfield code="a">4143</subfield><subfield code="b">H8</subfield></datafield><datafield ind1="0" ind2=" " tag="130"><subfield code="a">Laporte news (Laporte, Minn.)</subfield></datafield><datafield ind1="0" ind2="4" tag="245"><subfield code="a">The Laporte news.</subfield></datafield><datafield ind1=" " ind2=" " tag="260"><subfield code="a">Laporte, Hubbard Co., Minn. :</subfield><subfield code="b">Chas. T. Kelley,</subfield><subfield code="c">1908-1927.</subfield></datafield><datafield ind1=" " ind2=" " tag="300"><subfield code="a">19 v.</subfield></datafield><datafield ind1=" " ind2=" " tag="310"><subfield code="a">Weekly</subfield></datafield><datafield ind1="0" ind2=" " tag="362"><subfield code="a">Vol. 1, no. 1 (Sept. 11, 1908)-v. 19, no. 9 (Oct. 28, 1927).</subfield></datafield><datafield ind1=" " ind2=" " tag="530"><subfield code="a">Available on microfilm from the Minnesota Historical Society.</subfield></datafield><datafield ind1=" " ind2="0" tag="651"><subfield code="a">Laporte (Minn.)</subfield><subfield code="v">Newspapers.</subfield></datafield><datafield ind1=" " ind2="7" tag="655"><subfield code="a">Newspapers.</subfield><subfield code="2">fast</subfield><subfield code="0">(OCoLC)fst01423814</subfield></datafield><datafield ind1=" " ind2="7" tag="651"><subfield code="a">Minnesota</subfield><subfield code="z">Laporte.</subfield><subfield code="2">fast</subfield><subfield code="0">(OCoLC)fst01283516</subfield></datafield><datafield ind1=" " ind2=" " tag="752"><subfield code="a">United States</subfield><subfield code="b">Minnesota</subfield><subfield code="c">Hubbard</subfield><subfield code="d">Laporte.</subfield></datafield><datafield ind1="0" ind2="4" tag="785"><subfield code="t">Park Rapids enterprise (Park Rapids, Minn. : 1919)</subfield><subfield code="w">(DLC)sn 90060631</subfield></datafield></record>